@article{OurCA,
	journal = {Ecological Modelling},
	pages = {169--171},
	publisher = {Elsevier Ltd},
	year = {1996},
	title = {Viability of populations in a landscape},
	language = {eng},
	author = {P.J.Darwen, D.G.Green},
	keywords = {Cellular automata models; Extinction; Population dynamics},
}

@Misc{slajdy,
	author = "Peringer, Petr, Hrubý Martin",
	title = "Modelování a simulace",
	howpublished = "online",
	url = "https://www.fit.vutbr.cz/study/courses/IMS/public/prednasky/IMS.pdf",
	cited = "2019-12-8",
	revised = "2019-10-24"
}

@Misc{opencv2,
	title = "OpenCV library",
	howpublished = "online",
	url = "https://opencv.org",
	revised = "2018"
}

@Misc{letak,
	author = "{{Ing. Dagmar Obdrzalkova}, {Ing. Milan Zapletal, CSc.}, {doc. Ing. Jan Zejda, DrSc.}, {RNDr. Marta Heroldova, CSc.}}",
	title = "Microtus arvalis (Pallas, 1778) – závažný škůdce v zemědělství",
	howpublished = "online",
	publisher = "Ministerstvo zemědělství, Státní rostlinolékařská správa",
	url = "http://eagri.cz/public/web/ukzuz/portal/dokumenty-a-publikace/informacni-letaky/skodlive-organismy/hrabos-polni.html",
	cited = "2019-12-8",
	year = 2007
}

@article{fluktuace,
	journal = {Ecological Modelling},
	pages = {189--196},
	publisher = {Elsevier Ltd},
	year = {2007},
	title = {State-space models for stochastic and seasonal fluctuations of vole and shrew populations in east-central Illinois},
	language = {eng},
	author = {Guiming Wanga, Lowell L. Getz},
	keywords = {Basic structural model; Markov chain Monte Carlo; Population dynamics; Seasonal fluctuation; Shrews;
State-space model; Stochasticity;
Time series analysis; Voles},
}

@article{prubehvyvoje,
	journal = {The Royal Society},
	pages = {189--196},
	publisher = {Proc. R. Soc. Lond. B},
	year = {2001},
	title = {A new geographical gradient in vole population dynamics},
	language = {eng},
	author = {Emil Tkadlec, Nils Chr. Stenseth},

}

@Misc{Winter-temp:online,
	author = "Český hydrometeorologický ústav",
	title = "Územní teploty",
	howpublished = "online",
	cited = "!2019-12-06",
	url = "http://portal.chmi.cz/historicka-data/pocasi/uzemni-teploty",
}

@Misc{Voles-popul-data:online,
	author = "Mendelova univerzita Brno",
	title = "Rostlinolékařský portál",
	howpublished = "online",
	cited = "!2019-12-05",	
	url = "shorturl.at/lBMV7",
}

@MasterThesis{diplom-Tkadlec,
	title="Dynamický věkově-strukturovaný model pro populační fluktuace hrabošovitých hlodavců",
	author="Klára Kubošová",
	year="2004",
	school="Masarykova univerzita v Brně"
}

@Misc{hustoty,
	author = "Zbyšek Karafiát",
	title = "Biologická ochrana před hrabošem polním pomocí ptačích predátorů",
	howpublished = "online",
	cited = "!2019-12-08",
	url = "https://is.mendelu.cz/zp/index.pl?podrobnosti_zp=8856;zpet=;prehled=vyhledavani;vzorek_zp=hraboš;dohledat=Vyhľadať;kde=nazev;kde=autor;kde=klic_slova;stav_filtr=bez;typ=1;typ=2;typ=3;typ=6;typ=8;typ=7;fakulta=14;fakulta=23;fakulta=220;fakulta=38;fakulta=2;fakulta=79;fakulta=60;obdobi=2022,2023,2024,2025,2026,2027,2028,2029,2030,2031,2032,2033,2034,2035,2036,2037,2038,2039,2040,2041;obdobi=2021;obdobi=2020;obdobi=2019;obdobi=2018;obdobi=2017;obdobi=2016;obdobi=2015;obdobi=2014;obdobi=2013;obdobi=2012;obdobi=2011;obdobi=2000,2001,2002,2003,2004,2005,2006,2007,2008,2009,2010;obdobi=-1;jazyk=1;jazyk=3;jazyk=2;jazyk=29;jazyk=182;jazyk=22;jazyk=4;lang=sk",
}

